<?xml version="1.0" encoding="UTF-8"?>
<record>
  <leader>01416nam#a2200361#c#4500</leader>
  <controlfield tag="005">20210409023921.0</controlfield>
  <controlfield tag="007">tu</controlfield>
  <controlfield tag="008">080918|2008####xxu###########|||#|#eng#c</controlfield>
  <controlfield tag="003">DE-605</controlfield>
  <controlfield tag="001">990171142550206441</controlfield>
  <datafield tag="016" ind1="7" ind2=" ">
    <subfield code="a">229920989</subfield>
    <subfield code="2">OCoLC</subfield>
  </datafield>
  <datafield tag="020" ind1=" " ind2=" ">
    <subfield code="a">9780838909508</subfield>
    <subfield code="c">alk. paper : $65.00</subfield>
    <subfield code="9">978-0-8389-0950-8</subfield>
  </datafield>
  <datafield tag="020" ind1=" " ind2=" ">
    <subfield code="a">0838909507</subfield>
    <subfield code="c">alk. paper : $65.00</subfield>
    <subfield code="9">0-8389-0950-7</subfield>
  </datafield>
  <datafield tag="035" ind1=" " ind2=" ">
    <subfield code="a">(DE-605)HT015671602</subfield>
  </datafield>
  <datafield tag="040" ind1=" " ind2=" ">
    <subfield code="a">290</subfield>
    <subfield code="b">ger</subfield>
    <subfield code="c">GBV</subfield>
    <subfield code="d">361</subfield>
    <subfield code="e">aacr</subfield>
  </datafield>
  <datafield tag="041" ind1=" " ind2=" ">
    <subfield code="a">eng</subfield>
  </datafield>
  <datafield tag="044" ind1=" " ind2=" ">
    <subfield code="c">XD-US</subfield>
  </datafield>
  <datafield tag="082" ind1="0" ind2=" ">
    <subfield code="a">025.3</subfield>
  </datafield>
  <datafield tag="084" ind1=" " ind2=" ">
    <subfield code="a">AN 74000</subfield>
    <subfield code="2">rvk</subfield>
  </datafield>
  <datafield tag="084" ind1=" " ind2=" ">
    <subfield code="a">AN 74500</subfield>
    <subfield code="2">rvk</subfield>
  </datafield>
  <datafield tag="100" ind1="1" ind2=" ">
    <subfield code="a">Maxwell, Robert L.</subfield>
    <subfield code="d">1957-</subfield>
    <subfield code="0">(DE-588)142840386</subfield>
    <subfield code="4">aut</subfield>
  </datafield>
  <datafield tag="245" ind1="1" ind2="0">
    <subfield code="a">FRBR</subfield>
    <subfield code="b">a guide for the perplexed</subfield>
    <subfield code="c">Robert L. Maxwell</subfield>
  </datafield>
  <datafield tag="264" ind1=" " ind2="1">
    <subfield code="a">Chicago</subfield>
    <subfield code="b">American Library Association</subfield>
    <subfield code="c">2008</subfield>
  </datafield>
  <datafield tag="300" ind1=" " ind2=" ">
    <subfield code="a">VII, 151 S. : graph. Darst.</subfield>
  </datafield>
  <datafield tag="505" ind1="0" ind2=" ">
    <subfield code="a">Inhalt: The entity-relationship model -- The FRBR entities -- Relationships -- The user tasks -- The FRBR model and the existing MARC and AACR2-based cataloging model</subfield>
    <subfield code="9">F:517c</subfield>
  </datafield>
  <datafield tag="650" ind1=" " ind2="0">
    <subfield code="a">FRBR (Conceptual model)</subfield>
  </datafield>
  <datafield tag="689" ind1="0" ind2="0">
    <subfield code="a">Functional Requirements for Bibliographic Records</subfield>
    <subfield code="D">s</subfield>
    <subfield code="0">(DE-588)7615733-7</subfield>
  </datafield>
  <datafield tag="856" ind1="4" ind2="2">
    <subfield code="m">V:DE-605;X:migimw</subfield>
    <subfield code="q">application/pdf</subfield>
    <subfield code="u">http://digitale-objekte.hbz-nrw.de/storage/2011/07/09/file_16/4219074.pdf</subfield>
    <subfield code="3">Inhaltsverzeichnis</subfield>
    <subfield code="9">O:PKN</subfield>
  </datafield>
  <datafield tag="964" ind1="0" ind2="s">
    <subfield code="F">030</subfield>
    <subfield code="A">a|5zk||z|0017</subfield>
  </datafield>
  <datafield tag="964" ind1="0" ind2="s">
    <subfield code="F">050</subfield>
    <subfield code="A">a|a|||||||</subfield>
  </datafield>
  <datafield tag="964" ind1="0" ind2="s">
    <subfield code="F">051</subfield>
    <subfield code="A">m|||||</subfield>
  </datafield>
  <datafield tag="035" ind1=" " ind2=" ">
    <subfield code="a">(OCoLC)229920989</subfield>
  </datafield>
  <datafield tag="035" ind1=" " ind2=" ">
    <subfield code="a">(DE-599)HBZHT015671602</subfield>
  </datafield>
  <datafield tag="MBD" ind1=" " ind2=" ">
    <subfield code="M">49HBZ_NETWORK</subfield>
    <subfield code="i">990171142550206441</subfield>
    <subfield code="n">HBZ Network</subfield>
  </datafield>
  <datafield tag="MBD" ind1=" " ind2=" ">
    <subfield code="M">49HBZ_THK</subfield>
    <subfield code="i">991000411369706477</subfield>
    <subfield code="n">Technische Hochschule Köln (TH Köln)</subfield>
  </datafield>
  <datafield tag="020" ind1=" " ind2=" ">
    <subfield code="a">9780838909508</subfield>
    <subfield code="c">alk. paper : $65.00</subfield>
    <subfield code="9">978-0-8389-0950-8</subfield>
    <subfield code="M">49HBZ_THK</subfield>
  </datafield>
  <datafield tag="020" ind1=" " ind2=" ">
    <subfield code="a">0838909507</subfield>
    <subfield code="c">alk. paper : $65.00</subfield>
    <subfield code="9">0-8389-0950-7</subfield>
    <subfield code="M">49HBZ_THK</subfield>
  </datafield>
  <datafield tag="505" ind1="0" ind2=" ">
    <subfield code="a">Inhalt: The entity-relationship model -- The FRBR entities -- Relationships -- The user tasks -- The FRBR model and the existing MARC and AACR2-based cataloging model</subfield>
    <subfield code="9">F:517c</subfield>
    <subfield code="M">49HBZ_THK</subfield>
  </datafield>
  <datafield tag="856" ind1="4" ind2="2">
    <subfield code="m">V:DE-605;X:migimw</subfield>
    <subfield code="q">application/pdf</subfield>
    <subfield code="u">http://digitale-objekte.hbz-nrw.de/storage/2011/07/09/file_16/4219074.pdf</subfield>
    <subfield code="3">Inhaltsverzeichnis</subfield>
    <subfield code="9">O:PKN</subfield>
    <subfield code="M">49HBZ_THK</subfield>
  </datafield>
  <datafield tag="980" ind1="1" ind2=" ">
    <subfield code="e">HBZ</subfield>
    <subfield code="9">LOCAL</subfield>
    <subfield code="M">49HBZ_THK</subfield>
  </datafield>
  <datafield tag="981" ind1=" " ind2=" ">
    <subfield code="a">(DE-832)314774</subfield>
    <subfield code="9">LOCAL</subfield>
    <subfield code="M">49HBZ_THK</subfield>
  </datafield>
  <datafield tag="983" ind1=" " ind2=" ">
    <subfield code="b">BBV</subfield>
    <subfield code="9">LOCAL</subfield>
    <subfield code="M">49HBZ_THK</subfield>
  </datafield>
  <datafield tag="995" ind1=" " ind2=" ">
    <subfield code="c">3-1</subfield>
    <subfield code="9">LOCAL</subfield>
    <subfield code="M">49HBZ_THK</subfield>
  </datafield>
  <datafield tag="997" ind1=" " ind2=" ">
    <subfield code="a">20081124</subfield>
    <subfield code="9">LOCAL</subfield>
    <subfield code="M">49HBZ_THK</subfield>
  </datafield>
  <datafield tag="MNG" ind1=" " ind2=" ">
    <subfield code="c">System</subfield>
    <subfield code="f">ILS</subfield>
    <subfield code="i">marc21</subfield>
    <subfield code="k">01</subfield>
    <subfield code="e">false</subfield>
    <subfield code="d">2021-04-09 02:39:21 Europe/Berlin</subfield>
    <subfield code="g">017114255-HBZ01</subfield>
    <subfield code="j">60</subfield>
    <subfield code="a">import</subfield>
    <subfield code="b">2021-04-05 10:23:52 Europe/Berlin</subfield>
  </datafield>
  <datafield tag="H52" ind1="8" ind2=" ">
    <subfield code="b">SUED</subfield>
    <subfield code="c">63</subfield>
    <subfield code="h">BBV1290</subfield>
    <subfield code="8">2244668780006477</subfield>
  </datafield>
  <datafield tag="HOL" ind1=" " ind2=" ">
    <subfield code="b">2023-08-17 19:48:41</subfield>
    <subfield code="8">2244668780006477</subfield>
    <subfield code="M">49HBZ_THK</subfield>
    <subfield code="g">false</subfield>
    <subfield code="a">import</subfield>
  </datafield>
  <datafield tag="ITM" ind1=" " ind2=" ">
    <subfield code="H">2244668780006477</subfield>
    <subfield code="x">63</subfield>
    <subfield code="f">BOOK</subfield>
    <subfield code="v">63</subfield>
    <subfield code="X">AMO_CO_FIX</subfield>
    <subfield code="U">2023-08-16 12:59:00 Europe/Berlin</subfield>
    <subfield code="Y">2023-08-17 19:40:06 Europe/Berlin</subfield>
    <subfield code="h">false</subfield>
    <subfield code="n">63BBV1290</subfield>
    <subfield code="P">Notation: BBV</subfield>
    <subfield code="G">1</subfield>
    <subfield code="M">49HBZ_THK</subfield>
    <subfield code="s">1</subfield>
    <subfield code="d">8</subfield>
    <subfield code="V">import</subfield>
    <subfield code="L">HBZ01: HT015671602</subfield>
    <subfield code="b">63BBV1290</subfield>
    <subfield code="O">SISIS-Ausleihzähler Migrationsjahr: 0 | SISIS-Ausleihzähler Vor-Migrationsjahr: 0 | SISIS-Ausleihzähler vorletztes Migrationsjahr: 0 | SISIS-Vormerkzähler Migrationsjahr: 0 | SISIS-vorletztes Rückgabedatum: 2014-04-07</subfield>
    <subfield code="N">SISIS-Buchdaten-Aufnahmedatum: 2009-01-08</subfield>
    <subfield code="a">2344668760006477</subfield>
    <subfield code="c">BBV1290</subfield>
    <subfield code="W">2023-08-17 21:48:41 Europe/Berlin</subfield>
    <subfield code="u">SUED</subfield>
    <subfield code="w">SUED</subfield>
  </datafield>
</record>
